<record><leader>00000cas a22000007a 4500</leader><controlfield tag="001">30878995</controlfield><controlfield tag="008">940804d19291930ncuwr ne      0    0eng d</controlfield><datafield ind1=" " ind2=" " tag="010"><subfield code="a">sn 94058251 </subfield></datafield><datafield ind1=" " ind2=" " tag="040"><subfield code="a">NVJ</subfield><subfield code="b">eng</subfield><subfield code="c">NVJ</subfield><subfield code="d">OCLCQ</subfield></datafield><datafield ind1=" " ind2=" " tag="042"><subfield code="a">msc</subfield></datafield><datafield ind1="0" ind2=" " tag="130"><subfield code="a">Advance (Aulander, N.C.)</subfield></datafield><datafield ind1="1" ind2="4" tag="245"><subfield code="a">The advance.</subfield></datafield><datafield ind1=" " ind2=" " tag="260"><subfield code="a">Aulander, N.C. :</subfield><subfield code="b">[s.n.]</subfield></datafield><datafield ind1=" " ind2=" " tag="300"><subfield code="a">v.</subfield></datafield><datafield ind1=" " ind2=" " tag="310"><subfield code="a">Weekly</subfield></datafield><datafield ind1="1" ind2=" " tag="362"><subfield code="a">Began in 1929.</subfield></datafield><datafield ind1="1" ind2=" " tag="362"><subfield code="a">Ceased in 1930.</subfield></datafield><datafield ind1=" " ind2=" " tag="588"><subfield code="a">Description based on: Vol. 5, no. 34 (May 24, 1929).</subfield></datafield><datafield ind1=" " ind2=" " tag="752"><subfield code="a">United States</subfield><subfield code="b">North Carolina</subfield><subfield code="c">Bertie</subfield><subfield code="d">Aulander.</subfield></datafield><datafield ind1="0" ind2="0" tag="780"><subfield code="t">Aulander advance (Aulander, N.C. : 1928)</subfield><subfield code="w">(DLC)sn 94058250</subfield></datafield><datafield ind1="0" ind2="7" tag="785"><subfield code="t">Bertie County ledger</subfield><subfield code="w">(DLC)sn 94058249</subfield></datafield><datafield ind1="0" ind2="7" tag="785"><subfield code="t">Bertie ledger-advance</subfield><subfield code="w">(DLC)sn 92073963</subfield></datafield></record>